@article{somearticle,
  author = {Some Author},
  title = {Some Title},
  journal = {Some Journal},
  year = {2016},
  volume = {1},
  number = {1},
  pages = {1--10},
  month = {1}
}

